%% References to research articles and books.

@inproceedings{tezos14,
	title        = {Tezos : A Self-Amending Crypto-Ledger Position Paper},
	author       = {L. M. Goodman},
	year         = 2014
}
@inproceedings{filli06,
	title        = {Type-Safe Modular Hash-Consing},
	author       = {Filli\^{a}tre, Jean-Christophe and Conchon, Sylvain},
	year         = 2006,
	booktitle    = {Proceedings of the 2006 Workshop on ML},
	location     = {Portland, Oregon, USA},
	publisher    = {Association for Computing Machinery},
	address      = {New York, NY, USA},
	series       = {Ml ’06},
	pages        = {12–19},
	doi          = {10.1145/1159876.1159880},
	isbn         = 1595934839,
	url          = {https://doi.org/10.1145/1159876.1159880},
	numpages     = 8,
	keywords     = {data structures, hash-consing, sharing}
}
@inproceedings{merkle88,
	title        = {A Digital Signature Based on a Conventional Encryption Function},
	author       = {Ralph C. Merkle},
	year         = 1987,
	booktitle    = {Advances in Cryptology - CRYPTO '87, A Conference on the Theory and Applications of Cryptographic Techniques, Santa Barbara, California, USA, August 16-20, 1987, Proceedings},
	publisher    = {Springer},
	series       = {Lecture Notes in Computer Science},
	volume       = 293,
	pages        = {369--378},
	doi          = {10.1007/3-540-48184-2_32}
}
@inproceedings{irmin15,
	title        = {Mergeable persistent data structures},
	author       = {Benjamin Farinier and Thomas Gazagnaire and Anil Madhavapeddy},
	year         = 2015
}
@article{irmin19,
	title        = {Mergeable Replicated Data Types},
	author       = {Kaki, Gowtham and Priya, Swarn and Sivaramakrishnan, KC and Jagannathan, Suresh},
	year         = 2019,
	month        = oct,
	journal      = {Proc. ACM Program. Lang.},
	publisher    = {Association for Computing Machinery},
	address      = {New York, NY, USA},
	volume       = 3,
	number       = {Oopsla},
	doi          = {10.1145/3360580},
	url          = {https://doi.org/10.1145/3360580},
	issue_date   = {October 2019},
	articleno    = 154,
	numpages     = 29,
	keywords     = {Version Control, Weak Consistency, Git, Replication, CRDTs}
}
@inproceedings{handbook,
	title        = {The Garbage Collection Handbook: The art of automatic memory management},
	author       = {Richard E. Jones and Antony L. Hosking and J. Eliot B. Moss},
	year         = 2011,
	booktitle    = {Chapman and Hall / CRC Applied Algorithms and Data Structures Series}
}
@inproceedings{zorn90,
	title        = {Comparing Mark-and Sweep and Stop-and-Copy Garbage Collection},
	author       = {Zorn, Benjamin},
	year         = 1990,
	booktitle    = {Proceedings of the 1990 ACM Conference on LISP and Functional Programming},
	location     = {Nice, France},
	publisher    = {Association for Computing Machinery},
	address      = {New York, NY, USA},
	series       = {Lfp ’90},
	pages        = {87–98},
	doi          = {10.1145/91556.91597},
	isbn         = {089791368x},
	url          = {https://doi.org/10.1145/91556.91597},
	numpages     = 12
}
@article{dijkstra78,
	title        = {On-the-Fly Garbage Collection: An Exercise in Cooperation},
	author       = {Dijkstra, Edsger W. and Lamport, Leslie and Martin, A. J. and Scholten, C. S. and Steffens, E. F. M.},
	year         = 1978,
	month        = nov,
	journal      = {Commun. ACM},
	publisher    = {Association for Computing Machinery},
	address      = {New York, NY, USA},
	volume       = 21,
	number       = 11,
	pages        = {966–975},
	doi          = {10.1145/359642.359655},
	issn         = {0001-0782},
	url          = {https://doi.org/10.1145/359642.359655},
	issue_date   = {Nov. 1978},
	numpages     = 10,
	keywords     = {cooperation bet. sequential processes w/ minimized mutual ex, fine-grained interleaving, garbage collection, multiprocessing, program correctness for multiprogramming tasks}
}
@article{mccarthy60,
	title        = {Recursive functions of symbolic expressions and theircomputation by machine, Part {I}},
	author       = {John McCarthy},
	year         = 1960,
	journal      = {cacm},
	volume       = 3,
	number       = 4,
	pages        = {184--195}
}
@incollection{saunders74,
	title        = {The LISP system for the Q-32 computer},
	author       = {Robert A. Saunders},
	year         = 1978,
	booktitle    = {The Programming Language LISP: Its Operation and Applications},
	publisher    = {Information International, Inc.},
	pages        = {220--231},
	edition      = 4,
	editor       = {E. C. Berkeley and Daniel G. Bobrow}
}
@article{steele75,
	title        = {Multiprocessing Compactifying Garbage Collection},
	author       = {Steele, Guy L.},
	year         = 1975,
	month        = sep,
	journal      = {Commun. ACM},
	publisher    = {Association for Computing Machinery},
	address      = {New York, NY, USA},
	volume       = 18,
	number       = 9,
	pages        = {495–508},
	doi          = {10.1145/361002.361005},
	issn         = {0001-0782},
	url          = {https://doi.org/10.1145/361002.361005},
	issue_date   = {Sept. 1975},
	numpages     = 14,
	keywords     = {reclaimer, pointers, list processing, free storage, gc processor, storage allocation, LISP, relocation, parallel processing, multiprocessing, synchronization, data structures, semaphores, storage reclamation, compactification, garbage collection}
}
@inproceedings{lamport76,
	title        = {Garbage collection with multiple processes: an exercise in parallelism},
	author       = {Leslie Lamport},
	year         = 1976,
	booktitle    = {Proceedings of the 1976 International Conference on Parallel Processing},
	pages        = {50--54}
}
@inproceedings{vechev05,
	title        = {Derivation and Evaluation of Concurrent Collectors},
	author       = {Vechev, Martin and Bacon, David and Cheng, Perry and Grove, David},
	year         = 2005,
	month        = {07},
	journal      = {Lecture Notes in Computer Science},
	volume       = 3586,
	pages        = {577--601},
	doi          = {10.1007/11531142_25}
}
@techreport{wilson94,
	title        = {Uniprocessor garbage collection techniques},
	author       = {Paul R. Wilson},
	year         = 1994,
	institution  = {University of Texas}
}
@article{bloom70,
	title        = {Space/time trade-offs in hash coding with allowable errors},
	author       = {Burton H. Bloom},
	year         = 1970,
	journal      = {Communications of the ACM}
}
@phdthesis{zorn89,
	title        = {Comparative Performance Evaluation of Garbage Collection Algorithms},
	author       = {Zorn, Benjamin G.},
	year         = 1989,
	month        = dec,
	number       = {Ucb/csd-89-544},
	url          = {http://www2.eecs.berkeley.edu/Pubs/TechRpts/1989/5313.html},
	school       = {EECS Department, University of California, Berkeley}
}
@techreport{dieck99,
	title        = {A Study of the Allocation Behavior of the SPECjvm98 Java Benchmarks},
	author       = {Dieckmann, Sylvia and Hoelzle, Urs},
	year         = 1999,
	publisher    = {University of California at Santa Barbara},
	address      = {Usa}
}
@article{feni69,
	title        = {A LISP Garbage-Collector for Virtual-Memory Computer Systems},
	author       = {Fenichel, Robert R. and Yochelson, Jerome C.},
	year         = 1969,
	month        = nov,
	journal      = {Commun. ACM},
	publisher    = {Association for Computing Machinery},
	address      = {New York, NY, USA},
	volume       = 12,
	number       = 11,
	pages        = {611–612},
	doi          = {10.1145/363269.363280},
	issn         = {0001-0782},
	url          = {https://doi.org/10.1145/363269.363280},
	issue_date   = {Nov. 1969},
	numpages     = 2,
	keywords     = {LISP: garbage-collector, storage-allocation, virtual memory, list-processing}
}
@article{comf64,
	title        = {Multiword List Items},
	author       = {Comfort, W. T.},
	year         = 1964,
	month        = jun,
	journal      = {Commun. ACM},
	publisher    = {Association for Computing Machinery},
	address      = {New York, NY, USA},
	volume       = 7,
	number       = 6,
	pages        = {357–362},
	doi          = {10.1145/512274.512288},
	issn         = {0001-0782},
	url          = {https://doi.org/10.1145/512274.512288},
	issue_date   = {June 1964},
	numpages     = 6
}
@article{erwig89,
	title        = {Diets for fat sets},
	author       = {Erwig, Martin},
	year         = 1998,
	journal      = {Journal of Functional Programming},
	publisher    = {Cambridge University Press},
	volume       = 8,
	number       = 6,
	pages        = {627–632},
	doi          = {10.1017/s0956796898003116}
}
@article{xenstore,
	title        = {OXenstored: An Efficient Hierarchical and Transactional Database Using Functional Programming with Reference Cell Comparisons},
	author       = {Gazagnaire, Thomas and Hanquez, Vincent},
	year         = 2009,
	month        = aug,
	journal      = {SIGPLAN Not.},
	publisher    = {Association for Computing Machinery},
	address      = {New York, NY, USA},
	volume       = 44,
	number       = 9,
	pages        = {203–214},
	doi          = {10.1145/1631687.1596581},
	issn         = {0362-1340},
	url          = {https://doi.org/10.1145/1631687.1596581},
	issue_date   = {September 2009},
	numpages     = 12,
	keywords     = {concurrency, prefix trees, transactions, databases}
}
@article{mirage-paper,
	title        = {Unikernels: Library Operating Systems for the Cloud},
	author       = {Madhavapeddy, Anil and Mortier, Richard and Rotsos, Charalampos and Scott, David and Singh, Balraj and Gazagnaire, Thomas and Smith, Steven and Hand, Steven and Crowcroft, Jon},
	year         = 2013,
	month        = mar,
	journal      = {SIGARCH Comput. Archit. News},
	publisher    = {Association for Computing Machinery},
	address      = {New York, NY, USA},
	volume       = 41,
	number       = 1,
	pages        = {461–472},
	doi          = {10.1145/2490301.2451167},
	issn         = {0163-5964},
	url          = {https://doi.org/10.1145/2490301.2451167},
	issue_date   = {March 2013},
	numpages     = 12,
	keywords     = {hypervisor, microkernel, functional programming}
}
