%% References to online material (blog posts, GitHub repositories, etc).

@misc{irmin,
	key          = {Irmin website},
	title        = {{Irmin website}},
	howpublished = {\url{https://irmin.org/}},
}
@misc{git,
	key          = {Git website},
	title        = {{Git website}},
	howpublished = {\url{https://git-scm.com}},
}
@misc{git-history,
	key          = {History of Git},
	title        = {{History of Git}},
	howpublished = {\url{https://git-scm.com/book/en/v2/Getting-Started-A-Short-History-of-Git}},
}
@misc{git-what-is,
	key          = {What is Git?},
	title        = {{What is Git?}},
	howpublished = {\url{https://git-scm.com/book/en/v2/Getting-Started-What-is-Git\%3F}},
}
@misc{git-gc,
	key          = {Git reference: \texttt{git gc}},
	title        = {{Git reference: \texttt{git gc}}},
	howpublished = {\url{https://git-scm.com/docs/git-gc}},
}
@misc{git-bottom-up,
	key          = {Git from the Bottom Up},
	title        = {{Git from the Bottom Up}},
	author       = {John Wiegley},
	howpublished = {\url{https://jwiegley.github.io/git-from-the-bottom-up/}},
}
@misc{tarides,
	key          = {Tarides website},
	title        = {{Tarides website}},
	howpublished = {\url{https://tarides.com/}},
}
@misc{mirage,
	key          = {MirageOS website},
	title        = {{MirageOS website}},
	howpublished = {\url{https://mirage.io/}},
}
@misc{tezos,
	key          = {Tezos website},
	title        = {{Tezos website}},
	howpublished = {\url{https://tezos.com/}},
}
@misc{tree-statistics,
	key          = {GitHub repository of \texttt{liautaud/rmin-tree-statistics}},
	title        = {{GitHub repository of \texttt{liautaud/rmin-tree-statistics}}},
	howpublished = {\url{https://github.com/liautaud/irmin-tree-statistics}},
}
@misc{mirage-arp,
	key          = {GitHub repository of \texttt{mirage/arp}},
	title        = {{GitHub repository of \texttt{mirage/arp}}},
	howpublished = {\url{https://github.com/mirage/arp}},
}
@misc{mirage-dns,
	key          = {GitHub repository of \texttt{mirage/ocaml-dns}},
	title        = {{GitHub repository of \texttt{mirage/ocaml-dns}}},
	howpublished = {\url{https://github.com/mirage/ocaml-dns}},
}
@misc{roburio-caldav,
	key          = {GitHub repository of \texttt{roburio/caldav}},
	title        = {{GitHub repository of \texttt{roburio/caldav}}},
	howpublished = {\url{https://github.com/roburio/caldav}},
}
@misc{irmin-toy-github,
	key          = {GitHub repository of \texttt{liautaud/irmin-toy}},
	title        = {{GitHub repository of \texttt{liautaud/irmin-toy}}},
	howpublished = {\url{https://github.com/liautaud/irmin-toy}},
}
@misc{irmin-toy-database,
	key          = {GitHub link to \texttt{liautaud/irmin-toy:src/database.ml}},
	title        = {{GitHub link to \texttt{liautaud/irmin-toy:src/database.ml}}},
	howpublished = {\url{https://github.com/liautaud/irmin-toy/blob/master/src/database.ml}},
}
@misc{irmin-github,
	key          = {GitHub repository of \texttt{mirage/irmin}},
	title        = {{GitHub repository of \texttt{mirage/irmin}}},
	howpublished = {\url{https://github.com/mirage/irmin}},
}
@misc{spacetime,
	key          = {Memory profiling with Spacetime},
	title        = {{Memory profiling with Spacetime}},
	howpublished = {\url{https://caml.inria.fr/pub/docs/manual-ocaml/spacetime.html}},
}
@misc{prof-spacetime,
	key          = {GitHub repository of \texttt{prof\_spacetime}},
	title        = {{GitHub repository of \texttt{prof\_spacetime}}},
	howpublished = {\url{https://github.com/lpw25/prof_spacetime}},
}
@misc{ocamlprof,
	key          = {Profiling (ocamlprof)},
	title        = {{Profiling (ocamlprof)}},
	howpublished = {\url{https://caml.inria.fr/pub/docs/manual-ocaml/profil.html}},
}
@misc{bechamel,
	key          = {GitHub repository of \texttt{bechamel}},
	title        = {{GitHub repository of \texttt{bechamel}}},
	howpublished = {\url{https://github.com/dinosaure/bechamel}},
}
@misc{ocaml-layout,
	key          = {Memory Representation of OCaml Values},
	title        = {{Memory Representation of OCaml Values}},
	howpublished = {\url{https://dev.realworldocaml.org/runtime-memory-layout.html}},
}
@misc{impl-hashtbl,
	key          = {Implementation of \texttt{Hashtbl.t}},
	title        = {{Implementation of \texttt{Hashtbl.t}}},
	howpublished = {\url{https://github.com/ocaml/ocaml/blob/trunk/stdlib/hashtbl.ml}},
}
@misc{impl-stack,
	key          = {Implementation of \texttt{Stack.t}},
	title        = {{Implementation of \texttt{Stack.t}}},
	howpublished = {\url{https://github.com/ocaml/ocaml/blob/trunk/stdlib/stack.ml}},
}
@misc{lwt-manual,
	key          = {Lwt manual},
	title        = {{Lwt manual}},
	howpublished = {\url{https://ocsigen.org/lwt/5.2.0/manual/manual}},
}
@misc{irmin-2-blog,
	key          = {Irmin 2 announcement post},
	title        = {{Irmin 2 announcement post}},
	howpublished = {\url{https://tarides.com/blog/2019-11-21-irmin-v2#tezos-and-irmin-pack}},
}
@misc{diet-github,
	key          = {GitHub repository of \texttt{mirage/ocaml-diet}},
	title        = {{GitHub repository of \texttt{mirage/ocaml-diet}}},
	howpublished = {\url{https://github.com/mirage/ocaml-diet}},
}
@misc{index-github,
	key          = {GitHub repository of \texttt{mirage/index}},
	title        = {{GitHub repository of \texttt{mirage/index}}},
	howpublished = {\url{https://github.com/mirage/index}},
}